@article{Ridge,
  title = {Ridge Regression},  
  note = {\url{https://scikit-learn.org/1.5/modules/generated/sklearn.linear_model.Ridge.html}}
}
@article{MLP,
  title = {MLP Regression},  
  note = {\url{https://scikit-learn.org/1.6/modules/generated/sklearn.neural\_network.MLPRegressor.html}}
}
@article{RFE,
  title = {RFE},  
  note = {\url{https://scikit-learn.org/1.6/modules/generated/sklearn.feature_selection.RFE.html}}
}
@article{SelectKbest,
  title = {SelectKbest},  
  note = {\url{https://scikit-learn.org/dev/modules/generated/sklearn.feature_selection.SelectKBest.html}}
}

@ARTICLE{MFCCcoefs,
  author={Abdul, Zrar Kh. and Al-Talabani, Abdulbasit K.},
  journal={IEEE Access}, 
  title={Mel Frequency Cepstral Coefficient and its Applications: A Review}, 
  year={2022},
  volume={10},
  number={},
  pages={122136-122158},
  keywords={Mel frequency cepstral coefficient;Feature extraction;Speech recognition;Emotion recognition;Filter banks;Discrete cosine transforms;Cepstrum;MFCC;speech analysis;cepstrum analysis;feature extraction;indusial analysis},
  doi={10.1109/ACCESS.2022.3223444},
note = {\url{https://ieeexplore.ieee.org/stamp/stamp.jsp?tp=&arnumber=9955539}}}